@article{1,
Title = {Best vacuum cleaners of 2015.},
Url = {http://www.cnet.com/topics/vacuum-cleaners/best-vacuum-cleaners}}

@article{2,
Title = {R. Mead et al. “An architecture for rehabilitation task practice in socially assistive
human-robot interaction”. In: RO-MAN, 2010 IEEE. 2010, pp. 404–409.}}

@article{3,
Title = {Eitan Marder-Eppstein et al. “The Office Marathon: Robust Navigation in an Indoor
Office Environment”. In: International Conference on Robotics and Automation. 2010.}}

@article{4,
Title = {St¨aubli. PUMA. 2014. url: http://www.staubli.com/en/robotics/.}}

@article{5,
Title = {A. Davids. “Urban search and rescue robots: from tragedy to technology”. In: IEEE
Intelligent Systems and their Applications, vol. 17. 2002, pp. 81–83.}}

@article{6,
Title = {R. Mead et al. “An architecture for rehabilitation task practice in socially assistive
human-robot interaction”. In: RO-MAN, 2010 IEEE. 2010, pp. 404–409.}}

@article{7,
Title = {G.A. Bekey. Autonomous Robots: From Biological Inspiration to Implementation and
Control. Intelligent robotics and autonomous agents. MIT Press, 2005}}

@article{8,
Title = {Lumelsky, V.J., Mukhopadhyay, S., Kang, S.: Dynamic path planning in sensorbased
terrain acquisition. IEEE Transactions on Robotics and Automation 6(4)
(1990) 462–472}}

@article{9,
Title = {H. Kitano and S. Tadokoro. A Grand Challenge for Multiagent and Intelligent. AI Magazine,
22(1):39–52, 2001.}}

@article{10,
Title = {C. Kunz, C. Murphy, H. Singh, C. Pontbriand, R. a. Sohn, S. Singh, T. Sato, C. Roman,
K.-i. Nakamura, M. Jakuba, R. Eustice, R. Camilli, and J. Bailey. Toward extraplanetary
under-ice exploration: Robotic steps in the Arctic. Journal of Field Robotics, 26(4):411–429,
Apr. 2009}}

@INPROCEEDINGS{11, 
author={R. Triebel and P. Pfaff and W. Burgard}, 
booktitle={2006 IEEE/RSJ International Conference on Intelligent Robots and Systems}, 
title={Multi-Level Surface Maps for Outdoor Terrain Mapping and Loop Closing}, 
year={2006}, 
volume={}, 
number={}, 
pages={2276-2282}, 
keywords={mobile robots;path planning;terrain mapping;loop closing;mobile robots;multi-level surface maps;nonflat surfaces;outdoor terrain mapping;path planning;Bridges;Buildings;Data structures;Impedance matching;Large-scale systems;Mobile robots;Multilevel systems;Path planning;Robot sensing systems;Terrain mapping}, 
doi={10.1109/IROS.2006.282632}, 
ISSN={2153-0858}, 
month={Oct},}

@article{12,
Title = {P. Pfaff, R. Triebel, and W. Burgard. An Efficient
Extension to Elevation Maps for Outdoor Terrain Mapping and Loop Closing. The International Journal of Robotics Research, 26(2):217– 230, Feb. 2007.}}

@INPROCEEDINGS{13, 
author={J. Fournier and B. Ricard and D. Laurendeau}, 
booktitle={Computer and Robot Vision, 2007. CRV '07. Fourth Canadian Conference on}, 
title={Mapping and Exploration of Complex Environments Using Persistent 3D Model}, 
year={2007}, 
volume={}, 
number={}, 
pages={403-410}, 
keywords={military systems;mobile robots;octrees;path planning;sensors;surveillance;3D volumetric sensor;autonomous robots;complex obstacles;exploration;mapping;military forces;multiresolution octree;persistent 3D Model;surveillance;Hardware;Mechanical sensors;Mobile robots;Navigation;Performance evaluation;Research and development;Robot sensing systems;Robot vision systems;Surveillance;System testing}, 
doi={10.1109/CRV.2007.45}, 
ISSN={}, 
month={May},}

@INPROCEEDINGS{14, 
author={A. Solanas and M. A. Garcia}, 
booktitle={2004 IEEE/RSJ International Conference on Intelligent Robots and Systems (IROS) (IEEE Cat. No.04CH37566)}, 
title={Coordinated multi-robot exploration through unsupervised clustering of unknown space}, 
year={2004}, 
volume={1}, 
number={}, 
pages={717-721 vol.1}, 
keywords={intelligent robots;mobile robots;multi-robot systems;pattern clustering;coordinated multirobot exploration;mobile robots;unsupervised clustering algorithm;Clustering algorithms;Computer science;Intelligent robots;Layout;Mathematics;Mobile robots;Orbital robotics;Robot kinematics;Robot sensing systems;Space technology}, 
doi={10.1109/IROS.2004.1389437}, 
ISSN={}, 
month={Sept},}

@article{15,
Title = {S. Thrun. Learning metric-topological maps for indoor mobile robot navigation. Artificial
Intelligence, 99(1):21–71, 1998.}}

@article{17,
Title = {Yamauchi, B.: Frontier-based exploration using multiple robots. In: Proceedings of the second international conference on Autonomous agents, ACM (1998) 47–53}}

@article{18,
Url = {http://gazebosim.org}}

@article{19,
Url= {https://en.wikipedia.org/wiki/Dead_reckoning}}

@article{20,
Title = {Dai, X., Zhang, H., Shi, Y.: Autonomous navigation for wheeled mobile robots-a
survey. In: Second international conference on innovative computing, information
and control. (2007) 2207–2210}}

@article{21,
Title = {K. Wurm, A. Hornung, M. Bennewitz, C. Stachniss, and W. Burgard. OctoMap: A probabilistic,
flexible, and compact 3D map representation for robotic systems. In Proc. of the
ICRA 2010 workshop on best practice in 3D perception and modeling for mobile manipulation,
2010}}

@ARTICLE{22, 
author={M. Labbé and F. Michaud}, 
journal={IEEE Transactions on Robotics}, 
title={Appearance-Based Loop Closure Detection for Online Large-Scale and Long-Term Operation}, 
year={2013}, 
volume={29}, 
number={3}, 
pages={734-745}, 
keywords={Internet;computer games;control engineering computing;mobile robots;robot vision;storage management;LTM;Need for Speed: Most Wanted;WM;appearance-based localization;appearance-based loop closure detection;long-term memory;memory management method;online large-scale operation;online long-term operation;racing video game;real-time constraints;virtual images;working memory;Bayesian methods;Feature extraction;Memory management;Real-time systems;Robots;Visualization;Vocabulary;Appearance-based localization and mapping;bag-of-words approach;dynamic Bayes filtering;place recognition}, 
doi={10.1109/TRO.2013.2242375}, 
ISSN={1552-3098}, 
month={June},}

@article{23,
title = {A. Angeli, D. Filliat, S. Doncieux, J.-A. Meyer
Fast and incremental method for loop-closure detection using bags of visual words
IEEE Trans. Robot., 24 (5) (2008), pp. 1027-1037}}

@ARTICLE{24, 
author={Z. Zhang}, 
journal={IEEE MultiMedia}, 
title={Microsoft Kinect Sensor and Its Effect}, 
year={2012}, 
volume={19}, 
number={2}, 
pages={4-10}, 
keywords={CMOS image sensors;computer vision;human computer interaction;infrared detectors;multimedia computing;optical projectors;3D depth cameras;CMOS image sensor;IR projector;Kinect sensor vision aspect;Microsoft Kinect sensor;advanced sensing hardware;computer vision;gaming industry;infrared projector;multimedia computing;Cameras;Games;Sensors;Three dimensional displays;Video recording;Microsoft Kinect;computer vision;human-computer interaction;motion capture;multimedia}, 
doi={10.1109/MMUL.2012.24}, 
ISSN={1070-986X}, 
month={Feb},}

@article{25,
Title = {Thrun, S., Burgard, W., Fox, D.: Probabilistic robotics. MIT press (2005)}}

@INPROCEEDINGS{26, 
author={R. Sim and G. Dudek}, 
booktitle={Proceedings 2003 IEEE/RSJ International Conference on Intelligent Robots and Systems (IROS 2003) (Cat. No.03CH37453)}, 
title={Effective exploration strategies for the construction of visual maps}, 
year={2003}, 
volume={4}, 
number={}, 
pages={3224-3231 vol.3}, 
keywords={Kalman filters;mobile robots;nonlinear filters;optimisation;robot vision;concurrent mapping;effective exploration strategies;exploration policy;extended Kalman filter methods;localization tasks;machine learning;map distortion;mobile robots;odometric uncertainty;online algorithm;post hoc expectation maximization;post processing algorithms;visual map representation;visual maps construction;visual phenomena;Analytical models;Cameras;Geometry;Image sensors;Inference algorithms;Information analysis;Layout;Robots;Sampling methods;Uncertainty}, 
doi={10.1109/IROS.2003.1249653}, 
ISSN={}, 
month={Oct},}

@article{27,
Title = {S. Lumelsky, S. Mukhopadhyay, and K. Sun, “Dynamic
path planning in sensor-based terrain acquisition,”
IEEE Trans Robotics and Automation, vol. 6,
no. 4, pp. 462–472, 1990.}}

@article{28,
Title = {Arkin, E.M., Hassin, R.: Approximation algorithms for the geometric covering
salesman problem. Discrete Applied Mathematics 55(3) (1994) 197–218}}

@ARTICLE{29, 
author={F. Zhao and H. Luo and H. Geng and Q. Sun}, 
journal={China Communications}, 
title={An RSSI gradient-based AP localization algorithm}, 
year={2014}, 
volume={11}, 
number={2}, 
pages={100-108}, 
keywords={gradient methods;indoor radio;mobility management (mobile radio);smart phones;telecommunication services;wireless LAN;RSSI gradient based AP localization algorithm;WiFi access point;direction clustering method;indoor location based services;received signal strength;smartphones;triangulation method;weighted centroid;Global Positioning System;Interference;Reflection;AP localization;RSSI gradient;clustering;triangulation}, 
doi={10.1109/CC.2014.6821742}, 
ISSN={1673-5447}, 
month={Feb},}

@INPROCEEDINGS{30, 
author={Y. Zhuang and B. Wright and Z. Syed and Z. Shen and N. El-Sheimy}, booktitle={2014 Ubiquitous Positioning Indoor Navigation and Location Based Service (UPINLBS)}, 
title={Fast WiFi access point localization and autonomous crowdsourcing}, 
year={2014}, 
volume={}, 
number={}, 
pages={272-280}, 
keywords={estimation theory;indoor communication;indoor navigation;radiowave propagation;wireless LAN;AP localization;LSQ;T-PN;WiFi access point localization;WiFi positioning;crowdsourcing method;fast estimation method;indoor environment;nonlinear weighted least squares;path-loss exponent;propagation model;propagation parameters estimation;trusted portable navigator;Crowdsourcing;Databases;Estimation;IEEE 802.11 Standards;Navigation;Position measurement;Vectors;Access points localization;WiFi;crowdsourcing;least squares;propagation parameters;smartphone}, 
doi={10.1109/UPINLBS.2014.7033737}, 
ISSN={}, 
month={Nov},}

@article{31,
Url = {https://en.wikipedia.org/wiki/ITU_model_for_indoor_attenuation}}

@article{32,
Url = {https://en.wikipedia.org/wiki/TurtleBot}}

@article{33,
Url = {https://www.ethz.ch/content/dam/ethz/special-interest/mavt/robotics-n-intelligent-systems/rsl-dam/ROS2017/lecture1.pdf}}

@article{34,
Title = {Colegrave, J., Branch, A.: A case study of autonomous household vacuum cleaner. AIAA/NASA CIRFFSS (1994) 107}}

@article{35,
Title = {Choset, H.: Coverage for robotics–a survey of recent results. Annals of mathematics
and artificial intelligence 31(1-4) (2001) 113–126}}

@INPROCEEDINGS{36,
    author = {A. Zelinsky and R.A. Jarvis and J. C. Byrne and S. Yuta},
    title = {Planning Paths of Complete Coverage of an Unstructured Environment by a Mobile Robot},
    booktitle = {In Proceedings of International Conference on Advanced Robotics},
    year = {1993},
    pages = {533--538}
}

@INPROCEEDINGS{37, 
author={O. Khatib}, 
booktitle={Proceedings. 1985 IEEE International Conference on Robotics and Automation}, 
title={Real-time obstacle avoidance for manipulators and mobile robots}, 
year={1985}, 
volume={2}, 
number={}, 
pages={500-505}, 
keywords={Laboratories;Large Hadron Collider;Manipulators;Mobile robots}, doi={10.1109/ROBOT.1985.1087247}, 
ISSN={}, 
month={Mar},}

@article{38,
Title = {Hert, S., Tiwari, S., Lumelsky, V.: A terrain-covering algorithm for an auv. In:
Underwater Robots. Springer (1996) 17–45}}

@article{39,
Title = {Lumelsky, V.J., Mukhopadhyay, S., Kang, S.: Dynamic path planning in sensorbased
terrain acquisition. IEEE Transactions on Robotics and Automation 6(4)
(1990) 462–472}}

@article{40,
Title = {Latombe, J.C.: Robot motion planning, chapter. (1996)}}

@article{41,
Url = {https://www.clearpathrobotics.com/turtlebot-2-open-source-robot}}

@article{42,
Title = {Zhi Yan, Nicolas Jouandeau, Arab Ali Cherif: A Survey and Analysis of Multi-Robot Coordination}}

@article{43,
Title= {Pappas, B.: Multi-Robot Frontier Based Map Coverage Using the ROS Environment.
PhD thesis, Auburn University (2014)}}

@article{44,
Title = {Kapanoglu, M., Alikalfa, M., Ozkan, M., Parlaktuna, O., et al.: A pattern-based
genetic algorithm for multi-robot coverage path planning minimizing completion
time. Journal of intelligent manufacturing 23(4) (2012) 1035–1045}}

@article{45,
Title={Juli´a, M., Gil, A., Pay´a, L., Reinoso, O.: Local minima detection in potential
field based cooperative multi-robot exploration. International Journal of Factory
Automation, Robotics and Soft Computing 3 (2008)}}

@article{46,
Title={Bautin, A., Simonin, O., Charpillet, F.: Minpos: A novel frontier allocation
algorithm for multi-robot exploration. In: Intelligent Robotics and Applications.
Springer (2012) 496–508}}

@INPROCEEDINGS{47, 
author={R. S. Dileep Muddu and D. Wu and L. Wu}, 
booktitle={2015 IEEE International Conference on Robotics and Biomimetics (ROBIO)}, 
title={A frontier based multi-robot approach for coverage of unknown environments}, 
year={2015}, 
volume={}, 
number={}, 
pages={72-77}, 
keywords={SLAM (robots);mobile robots;multi-robot systems;path planning;robot programming;ROS;autonomous robots;environment exploration;environment mapping;explored areas;frontier identification;frontier-based multirobot approach;global map;robot navigation;robot operating System;unexplored areas;unknown environment coverage;Merging;Navigation;Path planning;Resource management;Robot kinematics;Robot sensing systems;ROS;Stage;autonomous robots;complete coverage;frontier-based exploration;multiple robots;unknown environments}, 
doi={10.1109/ROBIO.2015.7414626}, 
ISSN={}, 
month={Dec},}

@article{48,
Url = {www.slideshare.net/pptofpiyu}}

@article{49,
Url = {ROSWiki: Ros. http://wiki.ros.org/ROS}}

@INPROCEEDINGS{50, 
  author={Labbe, M. and Michaud, F.}, 
  booktitle={Proceedings of the IEEE/RSJ International Conference on Intelligent Robots and Systems}, 
  title={{Online Global Loop Closure Detection for Large-Scale Multi-Session Graph-Based SLAM}}, 
  year={2014}, 
  month={Sept}, 
  pages={2661-2666} 
}